<?xml version="1.0" encoding="UTF-8"?><collection xmlns="http://www.loc.gov/MARC21/slim"><record><leader>00487nam--2200181-i-4500</leader><controlfield tag="001">000029278</controlfield><controlfield tag="002">20161230</controlfield><controlfield tag="005">20161230201037</controlfield><controlfield tag="008">060222s1000------------r-----000-0-eng-d</controlfield><datafield ind1=" " ind2=" " tag="040"><subfield code="a">IFIN-HH</subfield></datafield><datafield ind1=" " ind2=" " tag="080"><subfield code="a">538.3:530.1</subfield></datafield><datafield ind1="1" ind2=" " tag="100"><subfield code="a">Podolsky, Boris</subfield></datafield><datafield ind1="1" ind2="0" tag="245"><subfield code="a">Fundamentals of electrodynamics</subfield><subfield code="c">Boris podolsky; kaiser s. kunz</subfield></datafield><datafield ind1=" " ind2=" " tag="260"><subfield code="a">New York</subfield><subfield code="b">Marcel Dekker</subfield><subfield code="c">1969</subfield></datafield><datafield ind1=" " ind2=" " tag="300"><subfield code="a">XIII + 492P</subfield></datafield><datafield ind1="1" ind2=" " tag="700"><subfield code="a">Kunz, Kaiser S</subfield></datafield><datafield ind1=" " ind2=" " tag="852"><subfield code="a">34213</subfield><subfield code="c">537:538</subfield></datafield><datafield ind1=" " ind2=" " tag="CAT"><subfield code="a">Sys</subfield><subfield code="c">20110616</subfield><subfield code="h">145042</subfield></datafield></record></collection>